#-------------------------------------------------------------------------------------#
# Adding a nice header to add some visual clarity
#-------------------------------------------------------------------------------------#

# this is a comment, this is a good space to talk about what the reference below is being cited for.
@article{nrtagu2001arsenic,
  title={Arsenic poisoning through the ages},
  author={Nrtagu, Jerome O},
  journal={Environmental chemistry of arsenic},
  pages={1},
  year={2001},
  publisher={CRC Press}
}

# another comment,
@Article{lessler1988lead,
  author  = {Lessler, Milton A},
  title   = {Lead and lead poisoning from antiquity to modern times},
  journal = {fwafwafe},
  year    = {1988},
}

#-------------------------------------------------------------------------------------#
# A breaking point, maybe to signify that the references above are different than the 
# references below, or is a break in topics in the maint text
#-------------------------------------------------------------------------------------#

# Still gonna continue with commenting on the documents
@article{hanna2016elevated,
  title={Elevated blood lead levels in children associated with the Flint drinking water crisis: a spatial analysis of risk and public health response},
  author={Hanna-Attisha, Mona and LaChance, Jenny and Sadler, Richard Casey and Champney Schnepp, Allison},
  journal={American journal of public health},
  volume={106},
  number={2},
  pages={283--290},
  year={2016},
  publisher={American Public Health Association}
}

# case study, cost-effectiveness of ion-exchange for industrial remediation
# can also be found in background
@article{ustun2007regeneration,
  title={Regeneration of industrial district wastewater using a combination of Fenton process and ion exchange—A case study},
  author={{\"U}st{\"u}n, G{\"o}khan Ekrem and Solmaz, Seval Kutlu Akal and Birg{\"u}l, A{\c{s}}k{\i}n},
  journal={Resources, Conservation and Recycling},
  volume={52},
  number={2},
  pages={425--440},
  year={2007},
  publisher={Elsevier}
}

# review and critique on synthetic bioremediation methods
# particularly chemical precipitation
@article{barakat2011new,
  title={New trends in removing heavy metals from industrial wastewater},
  author={Barakat, MA},
  journal={Arabian Journal of Chemistry},
  volume={4},
  number={4},
  pages={361--377},
  year={2011},
  publisher={Elsevier}
}

# case study of heavy metal waste in India
@article{rattan2005long,
  title={Long-term impact of irrigation with sewage effluents on heavy metal content in soils, crops and groundwater—a case study},
  author={Rattan, RK and Datta, SP and Chhonkar, PK and Suribabu, K and Singh, AK},
  journal={Agriculture, Ecosystems \& Environment},
  volume={109},
  number={3},
  pages={310--322},
  year={2005},
  publisher={Elsevier}
}
